<?xml version="1.0" encoding="UTF-8"?><collection xmlns="http://www.loc.gov/MARC21/slim"><record><leader>00586nam--2200181-u-4500</leader><controlfield tag="001">000055865</controlfield><controlfield tag="002">20161230</controlfield><controlfield tag="005">20161230201052</controlfield><controlfield tag="008">130812s1000------------r-----000-0-eng-d</controlfield><datafield ind1=" " ind2=" " tag="040"><subfield code="a">IFIN-HH</subfield></datafield><datafield ind1=" " ind2=" " tag="080"><subfield code="a">519.4:541.530.1:62:539.2.548.1:621.382</subfield></datafield><datafield ind1="1" ind2=" " tag="100"><subfield code="a">Nussbaum, Allen</subfield></datafield><datafield ind1="1" ind2="0" tag="245"><subfield code="a">Applied group theory for chemists, physicists, and engineers</subfield><subfield code="c">Allen nussbaum</subfield></datafield><datafield ind1=" " ind2=" " tag="260"><subfield code="a">Englewood Cliffs, New Jersey</subfield><subfield code="b">Prentice-hall, Inc</subfield><subfield code="c">1971</subfield></datafield><datafield ind1=" " ind2=" " tag="300"><subfield code="a">XII+384P</subfield></datafield><datafield ind1=" " ind2=" " tag="490"><subfield code="a">Prentice-hall Solid State Physical Electronics Series</subfield></datafield><datafield ind1=" " ind2=" " tag="852"><subfield code="a">36520</subfield><subfield code="c">519.4</subfield></datafield><datafield ind1=" " ind2=" " tag="CAT"><subfield code="a">Sys</subfield><subfield code="c">20130812</subfield><subfield code="h">173809</subfield></datafield></record></collection>